@Manual{R-ade4,
  title = {ade4: Analysis of Ecological Data: Exploratory and Euclidean Methods
in Environmental Sciences},
  author = {Stéphane Dray and Anne-Béatrice Dufour and Jean Thioulouse and Thibaut Jombart and Sandrine Pavoine and Jean R. Lobry and Sébastien Ollier and Aurélie Siberchicot and Daniel Chessel},
  year = {2021},
  note = {R package version 1.7-18},
  url = {http://pbil.univ-lyon1.fr/ADE-4/},
}

@Manual{R-adephylo,
  title = {adephylo: Exploratory Analyses for the Phylogenetic Comparative Method},
  author = {Thibaut Jombart and Stéphane Dray and Anders Ellern Bilgrau},
  year = {2017},
  note = {R package version 1.1-11},
  url = {https://CRAN.R-project.org/package=adephylo},
}

@Manual{R-ape,
  title = {ape: Analyses of Phylogenetics and Evolution},
  author = {Emmanuel Paradis and Simon Blomberg and Ben Bolker and Joseph Brown and Santiago Claramunt and Julien Claude and Hoa Sien Cuong and Richard Desper and Gilles Didier and Benoit Durand and Julien Dutheil and RJ Ewing and Olivier Gascuel and Thomas Guillerme and Christoph Heibl and Anthony Ives and Bradley Jones and Franz Krah and Daniel Lawson and Vincent Lefort and Pierre Legendre and Jim Lemon and Guillaume Louvel and Eric Marcon and Rosemary McCloskey and Johan Nylander and Rainer Opgen-Rhein and Andrei-Alin Popescu and Manuela Royer-Carenzi and Klaus Schliep and Korbinian Strimmer and Damien {de Vienne}},
  year = {2022},
  note = {R package version 5.6-1},
  url = {http://ape-package.ird.fr/},
}

@Manual{R-base,
  title = {R: A Language and Environment for Statistical Computing},
  author = {{R Core Team}},
  organization = {R Foundation for Statistical Computing},
  address = {Vienna, Austria},
  year = {2021},
  url = {https://www.R-project.org/},
}

@Manual{R-bookdown,
  title = {bookdown: Authoring Books and Technical Documents with R Markdown},
  author = {Yihui Xie},
  year = {2022},
  note = {https://github.com/rstudio/bookdown},
}

@Manual{R-deSolve,
  title = {deSolve: Solvers for Initial Value Problems of Differential Equations
(ODE, DAE, DDE)},
  author = {Karline Soetaert and Thomas Petzoldt and R. Woodrow Setzer},
  year = {2021},
  note = {R package version 1.30},
  url = {http://desolve.r-forge.r-project.org/},
}

@Manual{R-geiger,
  title = {geiger: Analysis of Evolutionary Diversification},
  author = {Luke Harmon and Matthew Pennell and Chad Brock and Joseph Brown and Wendell Challenger and Jon Eastman and Rich FitzJohn and Rich Glor and Gene Hunt and Liam Revell and Graham Slater and Josef Uyeda and Jason Weir},
  year = {2020},
  note = {R package version 2.0.7},
  url = {https://github.com/mwpennell/geiger-v2},
}

@Manual{R-GenSA,
  title = {GenSA: Generalized Simulated Annealing},
  author = {Sylvain Gubian and Yang Xiang and Brian Suomela and Julia Hoeng and PMP SA.},
  year = {2018},
  note = {R package version 1.1.7},
  url = {https://CRAN.R-project.org/package=GenSA},
}

@Manual{R-hisse,
  title = {hisse: Hidden State Speciation and Extinction},
  author = {Jeremy Beaulieu and Brian O'Meara and Daniel Caetano and James Boyko and Thais Vasconcelos},
  year = {2021},
  note = {R package version 2.1.6},
  url = {https://CRAN.R-project.org/package=hisse},
}

@Manual{R-knitr,
  title = {knitr: A General-Purpose Package for Dynamic Report Generation in R},
  author = {Yihui Xie},
  year = {2021},
  note = {R package version 1.37},
  url = {https://yihui.org/knitr/},
}

@Manual{R-laser,
  title = {laser: Likelihood Analysis of Speciation/Extinction Rates from
Phylogenies},
  author = {Dan Rabosky and Klaus Schliep},
  year = {2013},
  note = {R package version 2.4-1},
  url = {https://CRAN.R-project.org/package=laser},
}

@Manual{R-maps,
  title = {maps: Draw Geographical Maps},
  author = {Ray Brownrigg},
  year = {2021},
  note = {R package version 3.4.0},
  url = {https://CRAN.R-project.org/package=maps},
}

@Manual{R-Matrix,
  title = {Matrix: Sparse and Dense Matrix Classes and Methods},
  author = {Douglas Bates and Martin Maechler},
  year = {2021},
  note = {R package version 1.4-0},
  url = {https://CRAN.R-project.org/package=Matrix},
}

@Manual{R-MonoPhy,
  title = {MonoPhy: Explore Monophyly of Taxonomic Groups in a Phylogeny},
  author = {Orlando Schwery and Brian C. O'Meara},
  year = {2021},
  note = {R package version 1.3},
}

@Manual{R-nloptr,
  title = {nloptr: R Interface to NLopt},
  author = {Jelmer Ypma and Steven G. Johnson},
  year = {2022},
  note = {R package version 2.0.0},
  url = {https://CRAN.R-project.org/package=nloptr},
}

@Manual{R-phangorn,
  title = {phangorn: Phylogenetic Reconstruction and Analysis},
  author = {Klaus Schliep and Emmanuel Paradis and Leonardo {de Oliveira Martins} and Alastair Potts and Tim W. White},
  year = {2021},
  note = {R package version 2.8.1},
  url = {https://github.com/KlausVigo/phangorn},
}

@Manual{R-phybase,
  title = {phybase: Basic functions for phylogenetic analysis},
  author = {Liang Liu},
  year = {2014},
  note = {R package version 1.4},
}

@Manual{R-phytools,
  title = {phytools: Phylogenetic Tools for Comparative Biology (and Other Things)},
  author = {Liam J. Revell},
  year = {2022},
  note = {R package version 1.0-1},
  url = {https://github.com/liamrevell/phytools},
}

@Manual{R-RColorBrewer,
  title = {RColorBrewer: ColorBrewer Palettes},
  author = {Erich Neuwirth},
  year = {2014},
  note = {R package version 1.1-2},
  url = {https://CRAN.R-project.org/package=RColorBrewer},
}

@Manual{R-rmarkdown,
  title = {rmarkdown: Dynamic Documents for R},
  author = {JJ Allaire and Yihui Xie and Jonathan McPherson and Javier Luraschi and Kevin Ushey and Aron Atkins and Hadley Wickham and Joe Cheng and Winston Chang and Richard Iannone},
  year = {2022},
  note = {https://github.com/rstudio/rmarkdown},
}

@Manual{R-rotl,
  title = {rotl: Interface to the Open Tree of Life API},
  author = {Francois Michonneau and Joseph Brown and David Winter},
  year = {2021},
  note = {R package version 3.0.12},
  url = {https://CRAN.R-project.org/package=rotl},
}

@Manual{R-subplex,
  title = {subplex: Unconstrained Optimization using the Subplex Algorithm},
  author = {Aaron A. King and Tom Rowan},
  year = {2022},
  note = {R package version 1.7},
  url = {https://github.com/kingaa/subplex/},
}

@Manual{R-taxize,
  title = {taxize: Taxonomic Information from Around the Web},
  author = {Scott Chamberlain and Eduard Szoecs and Zachary Foster and Zebulun Arendsee},
  year = {2020},
  note = {R package version 0.9.99},
  url = {https://CRAN.R-project.org/package=taxize},
}

@Manual{R-TreeSim,
  title = {TreeSim: Simulating Phylogenetic Trees},
  author = {Tanja Stadler},
  year = {2019},
  note = {R package version 2.4},
  url = {https://CRAN.R-project.org/package=TreeSim},
}

@Article{ade42007a,
  title = {The {ade4} Package: Implementing the Duality Diagram for Ecologists},
  author = {St\'ephane Dray and Anne--B\'eatrice Dufour},
  journal = {Journal of Statistical Software},
  year = {2007},
  volume = {22},
  number = {4},
  pages = {1--20},
  doi = {10.18637/jss.v022.i04},
}

@Article{ade42018a,
  title = {Supervised Multiblock Analysis in {R} with the {ade4} Package},
  author = {St\'ephanie Bougeard and St\'ephane Dray},
  journal = {Journal of Statistical Software},
  year = {2018},
  volume = {86},
  number = {1},
  pages = {1--17},
  doi = {10.18637/jss.v086.i01},
}

@Article{ade42004a,
  title = {The {ade4} Package -- {I}: One-Table Methods},
  author = {Daniel Chessel and Anne-B\'eatrice Dufour and Jean Thioulouse},
  journal = {R News},
  year = {2004},
  volume = {4},
  number = {1},
  pages = {5--10},
  url = {https://cran.r-project.org/doc/Rnews/},
}

@Article{ade42007b,
  title = {The {ade4} Package -- {II}: Two-Table and {K}-Table Methods},
  author = {St\'ephane Dray and Anne-B\'eatrice Dufour and Daniel Chessel},
  journal = {R News},
  year = {2007},
  volume = {7},
  number = {2},
  pages = {47--52},
  url = {https://cran.r-project.org/doc/Rnews/},
}

@Book{ade42018b,
  title = {Multivariate Analysis of Ecological Data with {ade4}},
  author = {Jean Thioulouse and St\'ephane Dray and Anne--B\'eatrice Dufour and Aur\'elie Siberchicot and Thibaut Jombart and Sandrine Pavoine},
  year = {2018},
  publisher = {Springer},
  doi = {10.1007/978-1-4939-8850-1},
}

@Article{adephylo2010,
  title = {adephylo: exploratory analyses for the phylogenetic comparative method.},
  journal = {Bioinformatics},
  year = {2010},
  author = {T. Jombart and S. Dray},
  volume = {26},
  pages = {1907-1909},
  doi = {10.1093/bioinformatics/btq292},
}

@Article{ape2019,
  title = {ape 5.0: an environment for modern phylogenetics and evolutionary analyses in {R}},
  author = {E. Paradis and K. Schliep},
  journal = {Bioinformatics},
  year = {2019},
  volume = {35},
  pages = {526-528},
}

@Book{bookdown2016,
  title = {bookdown: Authoring Books and Technical Documents with {R} Markdown},
  author = {Yihui Xie},
  publisher = {Chapman and Hall/CRC},
  address = {Boca Raton, Florida},
  year = {2016},
  note = {ISBN 978-1138700109},
  url = {https://bookdown.org/yihui/bookdown},
}

@Article{deSolve2010,
  title = {Solving Differential Equations in {R}: Package de{S}olve},
  author = {Karline Soetaert and Thomas Petzoldt and R. Woodrow Setzer},
  journal = {Journal of Statistical Software},
  volume = {33},
  number = {9},
  pages = {1--25},
  year = {2010},
  doi = {10.18637/jss.v033.i09},
  keywords = {ordinary differential equations, partial differential
    equations, differential algebraic equations, initial value problems,
    R, FORTRAN, C},
}

@Article{geiger2009,
  title = {Nine exceptional radiations plus high turnover explain species diversity in jawed vertebrates},
  author = {ME Alfaro and F Santini and C Brock and H Alamillo and A Dornburg and DL Rabosky and G Carnevale and LJ Harmon},
  journal = {Proceedings of the National Academy of Sciences of the United States of America},
  year = {2009},
  volume = {106},
  pages = {13410-13414},
}

@Article{geiger2011,
  title = {A novel comparative method for identifying shifts in the rate of character evolution on trees},
  author = {JM Eastman and ME Alfaro and P Joyce and AL Hipp and LJ Harmon},
  journal = {Evolution},
  year = {2011},
  volume = {65},
  pages = {3578-3589},
}

@Article{geiger2012,
  title = {Fitting models of continuous trait evolution to incompletely sampled comparative data using approximate Bayesian computation},
  author = {GJ Slater and LJ Harmon and D Wegmann and P Joyce and LJ Revell and ME Alfaro},
  journal = {Evolution},
  year = {2012},
  volume = {66},
  pages = {752-762},
}

@Article{geiger2008,
  title = {GEIGER: investigating evolutionary radiations},
  author = {LJ Harmon and JT Weir and CD Brock and RE Glor and W Challenger},
  journal = {Bioinformatics},
  year = {2008},
  volume = {24},
  pages = {129-131},
}

@Article{geiger2014,
  title = {geiger v2.0: an expanded suite of methods for fitting macroevolutionary models to phylogenetic trees},
  author = {MW Pennell and JM Eastman and GJ Slater and JW Brown and JC Uyeda and RG Fitzjohn and ME Alfaro and LJ Harmon},
  journal = {Bioinformatics},
  year = {2014},
  volume = {30},
  pages = {2216-2218},
}

@Article{GenSA2013,
  title = {Generalized Simulated Annealing for Efficient Global Optimization: the {GenSA} Package for {R}.},
  author = {{Yang Xiang} and Sylvain Gubian and Brian Suomela and Julia Hoeng},
  journal = {The R Journal Volume 5/1, June 2013},
  year = {2013},
  url = {https://journal.r-project.org/archive/2013/RJ-2013-002/index.html},
}

@Article{hisse2016,
  title = {Detecting hidden diversification shifts in models of trait-dependent speciation and extinction.},
  author = {Jeremy M. Beaulieu and Brian C. O'Meara},
  journal = {Systematic Biology},
  year = {2016},
  volume = {65},
  number = {4},
  pages = {583-601},
  url = {https://academic.oup.com/sysbio/article/65/4/583/1753616},
}

@Book{knitr2015,
  title = {Dynamic Documents with {R} and knitr},
  author = {Yihui Xie},
  publisher = {Chapman and Hall/CRC},
  address = {Boca Raton, Florida},
  year = {2015},
  edition = {2nd},
  note = {ISBN 978-1498716963},
  url = {https://yihui.org/knitr/},
}

@InCollection{knitr2014,
  booktitle = {Implementing Reproducible Computational Research},
  editor = {Victoria Stodden and Friedrich Leisch and Roger D. Peng},
  title = {knitr: A Comprehensive Tool for Reproducible Research in {R}},
  author = {Yihui Xie},
  publisher = {Chapman and Hall/CRC},
  year = {2014},
  note = {ISBN 978-1466561595},
  url = {http://www.crcpress.com/product/isbn/9781466561595},
}

@Article{MonoPhy2016,
  title = {MonoPhy: a simple R package to find and visualize monophyly issues},
  author = {Orlando Schwery and Brian C. O'Meara},
  year = {2016},
  volume = {2},
  pages = {e56},
  journal = {PeerJ Computer Science},
  issn = {2376-5992},
  url = {https://doi.org/10.7717/peerj-cs.56},
  doi = {10.7717/peerj-cs.56},
}

@Article{nloptr?,
  title = {The NLopt nonlinear-optimization package},
  author = {Steven G. Johnson},
  year = {?},
  journal = {?},
  volume = {?},
  number = {?},
  pages = {?},
}

@Article{phangorn2011,
  title = {phangorn: phylogenetic analysis in R},
  author = {K.P. Schliep},
  journal = {Bioinformatics},
  year = {2011},
  volume = {27},
  number = {4},
  pages = {592--593},
  doi = {10.1093/bioinformatics/btq706},
}

@Article{phangorn2017,
  author = {{Schliep} and {Klaus} and {Potts} and Alastair J. and {Morrison} and David A. and {Grimm} and Guido W.},
  title = {Intertwining phylogenetic trees and networks},
  journal = {Methods in Ecology and Evolution},
  volume = {8},
  number = {10},
  doi = {10.1111/2041-210X.12760},
  pages = {1212--1220},
  keywords = {exploratory data analysis, networks, phangorn, R, trees},
  year = {2017},
}

@Article{phybase2010,
  title = {Phybase: an {R} package for species tree analysis},
  author = {L. Liu and L. Yu},
  journal = {Bioinformatics},
  year = {2010},
  volume = {26},
  pages = {962-963},
}

@Article{phytools2012,
  title = {phytools: An R package for phylogenetic comparative biology (and other things).},
  author = {Liam J. Revell},
  journal = {Methods in Ecology and Evolution},
  year = {2012},
  volume = {3},
  pages = {217-223},
}

@Book{rmarkdown2018,
  title = {R Markdown: The Definitive Guide},
  author = {Yihui Xie and J.J. Allaire and Garrett Grolemund},
  publisher = {Chapman and Hall/CRC},
  address = {Boca Raton, Florida},
  year = {2018},
  note = {ISBN 9781138359338},
  url = {https://bookdown.org/yihui/rmarkdown},
}

@Book{rmarkdown2020,
  title = {R Markdown Cookbook},
  author = {Yihui Xie and Christophe Dervieux and Emily Riederer},
  publisher = {Chapman and Hall/CRC},
  address = {Boca Raton, Florida},
  year = {2020},
  note = {ISBN 9780367563837},
  url = {https://bookdown.org/yihui/rmarkdown-cookbook},
}

@Article{rotl2016,
  title = {{rotl}: an R package to interact with the Open Tree of Life data},
  author = {Francois Michonneau and Joseph W. Brown and David J. Winter},
  journal = {Methods in Ecology and Evolution},
  year = {2016},
  volume = {7},
  number = {12},
  pages = {1476-1481},
  doi = {10.1111/2041-210X.12593},
}

@Misc{rotl2019,
  title = {Open Tree of Life Synthetic Tree},
  author = {{OpenTreeOfLife} and Benjamin Redelings and Luna Luisa Sanchez Reyes and Karen A. Cranston and Jim Allman and Mark T. Holder and Emily Jane McTavish},
  year = {2019},
  version = {12.3},
  publisher = {Zenodo},
  doi = {10.5281/zenodo.3937741},
  url = {https://doi.org/10.5281/zenodo.3937741},
}

@Article{taxize2013,
  title = {taxize - taxonomic search and retrieval in R},
  journal = {F1000Research},
  author = {{Scott Chamberlain} and {Eduard Szocs}},
  year = {2013},
  url = {https://f1000research.com/articles/2-191/v2},
}

